<record><leader>00000cas a22000007a 4500</leader><controlfield tag="001">30578762</controlfield><controlfield tag="008">940609d19521954akuwr ne      0    0eng d</controlfield><datafield ind1=" " ind2=" " tag="010"><subfield code="a">sn 94050035 </subfield></datafield><datafield ind1=" " ind2=" " tag="040"><subfield code="a">ANE</subfield><subfield code="b">eng</subfield><subfield code="c">ANE</subfield><subfield code="d">OCLCQ</subfield><subfield code="d">OCLCF</subfield><subfield code="d">OCLCO</subfield></datafield><datafield ind1="1" ind2=" " tag="029"><subfield code="a">AU@</subfield><subfield code="b">000025856370</subfield></datafield><datafield ind1=" " ind2=" " tag="042"><subfield code="a">msc</subfield></datafield><datafield ind1=" " ind2=" " tag="043"><subfield code="a">n-us-ak</subfield></datafield><datafield ind1="0" ind2=" " tag="130"><subfield code="a">Skagway Alaskan (Skagway, Alaska : 1952)</subfield></datafield><datafield ind1="1" ind2="4" tag="245"><subfield code="a">The Skagway Alaskan.</subfield></datafield><datafield ind1=" " ind2=" " tag="260"><subfield code="a">Skagway, Alaska :</subfield><subfield code="b">Skagway Alaskan,</subfield><subfield code="c">1952-1954.</subfield></datafield><datafield ind1=" " ind2=" " tag="300"><subfield code="a">2 v.</subfield></datafield><datafield ind1=" " ind2=" " tag="310"><subfield code="a">Weekly</subfield></datafield><datafield ind1="0" ind2=" " tag="362"><subfield code="a">Vol. 1, no. 1 (Aug. 28, 1952)-v. 2, no. 97 (July 1, 1954).</subfield></datafield><datafield ind1=" " ind2="0" tag="651"><subfield code="a">Skagway (Alaska)</subfield><subfield code="v">Newspapers.</subfield></datafield><datafield ind1=" " ind2="7" tag="655"><subfield code="a">Newspapers.</subfield><subfield code="2">fast</subfield><subfield code="0">(OCoLC)fst01423814</subfield></datafield><datafield ind1=" " ind2="7" tag="651"><subfield code="a">Alaska</subfield><subfield code="z">Skagway.</subfield><subfield code="2">fast</subfield><subfield code="0">(OCoLC)fst01220195</subfield></datafield><datafield ind1=" " ind2=" " tag="752"><subfield code="a">United States</subfield><subfield code="b">Alaska</subfield><subfield code="d">Skagway.</subfield></datafield><datafield ind1="0" ind2="7" tag="785"><subfield code="t">Haines herald</subfield><subfield code="w">(DLC)sn</subfield></datafield><datafield ind1="0" ind2="7" tag="785"><subfield code="t">Lynn Canal weekly</subfield><subfield code="w">(DLC)sn 94050036</subfield><subfield code="w">(OCoLC)30578900</subfield></datafield></record>